@misc{ibm-looks-to-future,
 author = {Brodkin, Jon},
 title = {With long history of virtualization behind it, IBM looks to the future},
 year = {2009},
 type = {Article},
 note = {\url{https://www.networkworld.com/article/2254433/virtualization/with-long-history-of-virtualization-behind-it--ibm-looks-to-the-future.html}, accessed at 9.4.2018},
 url = {https://www.networkworld.com/article/2254433/virtualization/with-long-history-of-virtualization-behind-it--ibm-looks-to-the-future.html},
 urldate = {09.04.2018},
 originalyear = {04.30.2009}
}
@misc{xen-paravirtualization,
 author = {Dunlap, George},
 title = {The Paravirtualization Spectrum, part 1: The Ends of the Spectrum},
 year = {2012-10-23},
 type = {Blog},
 note = {\url{https://blog.xenproject.org/2012/10/23/the-paravirtualization-spectrum-part-1-the-ends-of-the-spectrum}, accessed at 16.5.2018},
 url = {https://blog.xenproject.org/2012/10/23/the-paravirtualization-spectrum-part-1-the-ends-of-the-spectrum},
 urldate = {16.05.2018},
 originalyear = {16.05.2018}
}
@misc{hypervisor,
 author = {Brodkin, Jon},
 title = {What is a hypervisor?},
 date = {2017-12-19},
 type = {Article},
 note = {\url{https://www.networkworld.com/article/3243262/virtualization/what-is-a-hypervisor.html}, accessed at 18.5.2018},
 url = {https://www.networkworld.com/article/3243262/virtualization/what-is-a-hypervisor.html},
 urldate = {18.05.2018}
}
@article{docker,
 author = {Merkel, Dirk},
 title = {Docker: Lightweight Linux Containers for Consistent Development and Deployment},
 journal = {Linux J.},
 issue_date = {March 2014},
 volume = {2014},
 number = {239},
 month = mar,
 year = {2014},
 issn = {1075-3583},
 articleno = {2},
 url = {http://dl.acm.org/citation.cfm?id=2600239.2600241},
 acmid = {2600241},
 publisher = {Belltown Media},
 address = {Houston, TX},
}
@misc{practical-container,
 author = {McCarty, Scott},
 title = {A Practical Introduction to Container Terminology},
 year = {2018},
 type = {Blog},
 note = {\url{https://developers.redhat.com/blog/2018/02/22/container-terminology-practical-introduction}, accessed at 12.3.2018},
 url = {https://developers.redhat.com/blog/2018/02/22/container-terminology-practical-introduction},
 urldate = {12.03.2018},
 originalyear = {22.02.2018}
}
@misc{chroot-paper,
 title = {Linux Process Containment - A practical look at chroot and User Mode},
 date = {2003},
 organization = {SANS Institute},
 author = {Paul Lessard},
 note = {\url{https://www.sans.org/reading-room/whitepapers/linux/linux-process-containment-practical-chroot-user-mode-1073}, accessed at 20.5.2018},
 urldate = {20.5.2018},
 url = {https://www.sans.org/reading-room/whitepapers/linux/linux-process-containment-practical-chroot-user-mode-1073}
}
@misc{chroot-blog,
 title = {LINUX ISOLATION BASICS},
 date = {2015-05-12},
 organization = {Engine Yard},
 author = {Chris White},
 note = {\url{https://www.engineyard.com/blog/linux-containers-isolation}, accessed at 20.5.2018},
 urldate = {20.5.2018},
 url = {https://www.engineyard.com/blog/linux-containers-isolation}
}
@ARTICLE{lxc-docker-kubernetes, 
author={D. Bernstein}, 
journal={IEEE Cloud Computing}, 
title={Containers and Cloud: From LXC to Docker to Kubernetes}, 
year={2014}, 
volume={1}, 
number={3}, 

pages={81-84}, 
keywords={Cloud computing;Containers;Google;Home appliances;Linux;Runtime;Virtual machine monitors;cloud;containers;dockers;virtual machines}, 
doi={10.1109/MCC.2014.51}, 
ISSN={2325-6095}, 
month={Sept},
}
@misc{lxd,
 title = {Infographic: LXD Machine Containers from Ubuntu Linux},
 date = {2015-04-24},
 organization = {Softpedia},
 author = {Marius Nestor},
 note = {\url{http://linux.softpedia.com/blog/infographic-lxd-machine-containers-from-ubuntu-linux-492602.shtml}, accessed at 20.5.2018},
 urldate = {20.5.2018},
 url = {http://linux.softpedia.com/blog/infographic-lxd-machine-containers-from-ubuntu-linux-492602.shtml}
}
@misc{introducing-runc,
 title = {INTRODUCING RUNC: A LIGHTWEIGHT UNIVERSAL CONTAINER RUNTIME},
 date = {2015-06-22},
 organization = {Docker},
 author = {Solomon Hykes},
 note = {\url{https://blog.docker.com/2015/06/runc/}, accessed at 20.5.2018},
 urldate = {20.5.2018},
 url = {https://blog.docker.com/2015/06/runc/}
}
@misc{runc-blog,
 title = {runC: The little container engine that could},
 date = {2015-06-22},
 organization = {Docker},
 author = {Solomon Hykes},
 note = {\url{https://opensource.com/life/16/8/runc-little-container-engine-could}, accessed at 20.5.2018},
 urldate = {20.05.2018},
 url = {https://opensource.com/life/16/8/runc-little-container-engine-could}
}
@article{containers-in-multi-user-environments,
  author    = {Jorge Gomes and
               Isabel Campos Plasencia and
               Emanuele Bagnaschi and
               M{\'{a}}rio David and
               Lu{\'{\i}}s Alves and
               Jo{\~{a}}o Martins and
               Jo{\~{a}}o Murta Pina and
               {\'{A}}lvaro L{\'{o}}pez Garc{\'{\i}}a and
               Pablo Orviz Fern{\'{a}}ndez},
  title     = {Enabling rootless Linux Containers in multi-user environments: the
               udocker tool},
  journal   = {CoRR},
  volume    = {abs/1711.01758},
  year      = {2017},
  url       = {http://arxiv.org/abs/1711.01758},
  archivePrefix = {arXiv},
  eprint    = {1711.01758},
  timestamp = {Sat, 02 Dec 2017 13:38:49 +0100},
  biburl    = {https://dblp.org/rec/bib/journals/corr/abs-1711-01758},
  bibsource = {dblp computer science bibliography, https://dblp.org}
}
@misc{oracle-docs-chroot,
 title = {3.13. Configuring and Using Chroot Jails},
 year = {2013},
 organization = {Oracle},
 author = {Oracle},
 note = {\url{https://docs.oracle.com/html/E36387_02/ol_cj_sec.html}, accessed at 25.5.2018},
 url = {https://docs.oracle.com/html/E36387_02/ol_cj_sec.html},
 urldate = {25.05.2018}
}
@misc{goto-netflix,
 title = {Microservices at Netflix Scale: Principles, Tradeoffs \& Lessons Learned},
 date = {2016},
 organization = {Goto},
 author = {R. Meshenberg},
 note = {\url{https://www.youtube.com/watch?v=57UK46qfBLY}, accessed at 20.5.2018},
 url = {https://www.youtube.com/watch?v=57UK46qfBLY},
 urldate = {25.05.2018}
}
@INPROCEEDINGS{openvz-xen-kvm, 
author={J. Che and C. Shi and Y. Yu and W. Lin}, 
booktitle={2010 IEEE Asia-Pacific Services Computing Conference}, 
title={A Synthetical Performance Evaluation of OpenVZ, Xen and KVM}, 
year={2010}, 
volume={}, 
number={}, 
pages={587-594}, 
keywords={operating systems (computers);virtual machines;KVM;OpenVZ;VMM;Xen;container-based virtualization;full-virtualization;open source virtual machine monitor;para-virtualization;Bandwidth;Kernel;Linux;Random access memory;Virtual machine monitors;Virtual machining;evaluation;performance;virtual machine;virtual machine monitor;virtualization}, 
doi={10.1109/APSCC.2010.83}, 
ISSN={}, 
month={Dec},
}
@misc{vt-x-overview,
 title = {Everything You Need to Know About the Intel Virtualization Technology},
 date = {2012.7.9},
 organization = {Hardware Secrets},
 author = {Gabriel Torres},
 note = {\url{https://www.hardwaresecrets.com/everything-you-need-to-know-about-the-intel-virtualization-technology/2/}, accessed at 20.5.2018},
 urldate = {20.5.2018},
 url = {https://www.hardwaresecrets.com/everything-you-need-to-know-about-the-intel-virtualization-technology/2/}
}
@article{vt-x-analysis,
 author = {He, Xiaohui and Alves-Foss, Jim},
 title = {A Lightweight Virtual Machine Monitor for Security Analysis on Intel64 Architecture},
 journal = {J. Comput. Sci. Coll.},
 issue_date = {October 2011},
 volume = {27},
 number = {1},
 month = oct,
 year = {2011},
 issn = {1937-4771},
 pages = {155--162},
 numpages = {8},
 url = {http://dl.acm.org.libproxy.helsinki.fi/citation.cfm?id=2037151.2037184},
 acmid = {2037184},
 publisher = {Consortium for Computing Sciences in Colleges},
 address = {USA},
}
@article{amd-v-snippet,
 author = {Li, Ye and West, Richard and Missimer, Eric},
 title = {A Virtualized Separation Kernel for Mixed Criticality Systems},
 journal = {SIGPLAN Not.},
 issue_date = {July 2014},
 volume = {49},
 number = {7},
 month = mar,
 year = {2014},
 issn = {0362-1340},
 pages = {201--212},
 numpages = {12},
 url = {http://doi.acm.org.libproxy.helsinki.fi/10.1145/2674025.2576206},
 doi = {10.1145/2674025.2576206},
 acmid = {2576206},
 publisher = {ACM},
 address = {New York, NY, USA},
 keywords = {chip-level distributed system, separation kernel},
}
@inproceedings{docker-mess,
 author = {Casalicchio, Emiliano and Perciballi, Vanessa},
 title = {Measuring Docker Performance: What a Mess!!!},
 booktitle = {Proceedings of the 8th ACM/SPEC on International Conference on Performance Engineering Companion},
 series = {ICPE '17 Companion},
 year = {2017},
 isbn = {978-1-4503-4899-7},
 location = {L'Aquila, Italy},
 pages = {11--16},
 numpages = {6},
 url = {http://doi.acm.org.libproxy.helsinki.fi/10.1145/3053600.3053605},
 doi = {10.1145/3053600.3053605},
 acmid = {3053605},
 publisher = {ACM},
 address = {New York, NY, USA},
 keywords = {cloud computing, container, docker, internet of service, microservices, monitoring, performance evaluation},
}
@inproceedings{containers-vms-study,
 author = {Sharma, Prateek and Chaufournier, Lucas and Shenoy, Prashant and Tay, Y. C.},
 title = {Containers and Virtual Machines at Scale: A Comparative Study},
 booktitle = {Proceedings of the 17th International Middleware Conference},
 series = {Middleware '16},
 year = {2016},
 isbn = {978-1-4503-4300-8},
 location = {Trento, Italy},
 pages = {1:1--1:13},
 articleno = {1},
 numpages = {13},
 url = {http://doi.acm.org.libproxy.helsinki.fi/10.1145/2988336.2988337},
 doi = {10.1145/2988336.2988337},
 acmid = {2988337},
 publisher = {ACM},
 address = {New York, NY, USA},
}
@article{borg-omega-kubernetes,
  title = {Borg, Omega, and   Kubernetes},
  author  = {Brendan Burns and Brian Grant and David Oppenheimer and Eric Brewer and John Wilkes},
  year  = {2016},
  URL = {http://queue.acm.org/detail.cfm?id=2898444},
  journal = {ACM Queue},
  pages = {70--93},
  volume  = {14}
}
@inproceedings{management-with-borg,
  title = {Large-scale cluster management at {Google} with {Borg}},
  author  = {Abhishek Verma and Luis Pedrosa and Madhukar R. Korupolu and David Oppenheimer and Eric Tune and John   Wilkes},
  year  = {2015},
  booktitle = {Proceedings of the European Conference on Computer Systems (EuroSys)},
  address = {Bordeaux, France}
}
@inproceedings{omega,
title = {Omega: flexible, scalable schedulers for large compute clusters},
author  = {Malte Schwarzkopf and Andy Konwinski and Michael Abd-El-Malek and John Wilkes},
year  = {2013},
URL = {http://eurosys2013.tudos.org/wp-content/uploads/2013/paper/Schwarzkopf.pdf},
booktitle = {SIGOPS European Conference on Computer Systems (EuroSys)},
pages = {351--364},
address = {Prague, Czech Republic}
}
@misc{kubernetes-cncf-standard-announcement,
 author = {CNCF},
 title = {Cloud Native Computing Foundation Launches Certified Kubernetes Program with 32 Conformant Distributions and Platforms},
 year = {2017},
 type = {Blog},
 note = {\url{https://www.cncf.io/announcement/2017/11/13/cloud-native-computing-foundation-launches-certified-kubernetes-program-32-conformant-distributions-platforms}, accessed at 12.3.2018},
 url = {https://www.cncf.io/announcement/2017/11/13/cloud-native-computing-foundation-launches-certified-kubernetes-program-32-conformant-distributions-platforms},
 urldate = {12.03.2018}
}
@misc{kubernetes-docs,
 author = {The Kubernetes Authors},
 title = {Kubernetes Documentation},
 year = {2018},
 type = {Documentation},
 note = {\url{https://kubernetes.io/docs}, accessed at 12.3.2018},
 url = {https://kubernetes.io/docs},
 urldate = {12.03.2018}
}
@misc{borg-goto-youtube,
 title = {Cluster Management at Google with Borg},
 date = {2016},
 organization = {Youtube},
 author = {John Wilkes},
 note = {\url{https://www.youtube.com/watch?v=0W49z8hVn0k}, accessed at 20.5.2018},
 urldate = {20.5.2018},
 url = {https://www.youtube.com/watch?v=0W49z8hVn0k}
}
@misc{gcp-kubernetes-docs,
 title = {Kubernetes Engine Concepts},
 date = {2018},
 organization = {Google},
 author = {Google},
 note = {\url{https://cloud.google.com/kubernetes-engine/docs/concepts}, accessed at 20.5.2018},
 url = {https://cloud.google.com/kubernetes-engine/docs/concepts/},
 urldate = {20.04.2018}
}
@misc{tc-kubernetes-cncf,
 title = {As Kubernetes Hits 1.0, Google Donates Technology To Newly Formed Cloud Native Computing Foundation},
 date = {2015},
 organization = {Techcrunch},
 author = {Frederic Lardinois},
 url = {https://techcrunch.com/2015/07/21/as-kubernetes-hits-1-0-google-donates-technology-to-newly-formed-cloud-native-computing-foundation-with-ibm-intel-twitter-and-others/},
 urldate = {20.04.2018}
}
@misc{kubernetes-rule-world,
 title = {Google Wants Kubernetes To Rule The World},
 date = {8.11.2017},
 organization = {TheNextPlatform},
 author = {Timothy Prickett Morgan},
 note = {\url{https://www.nextplatform.com/2016/11/08/google-wants-kubernetes-rule-world}, accessed at 20.5.2018},
 url = {https://www.nextplatform.com/2016/11/08/google-wants-kubernetes-rule-world/},
 urldate = {20.04.2018}
}
@inproceedings{container-design-patterns,
  title = {Design patterns for container-based distributed systems},
  author  = {Brendan Burns and David Oppenheimer},
  year  = {2016},
  booktitle = {The 8th Usenix Workshop on Hot Topics in Cloud Computing (HotCloud '16)}
}
@misc{gcp-kubernetes, 
 title = {Google Cloud Platform Live: Introducing Container Engine, Cloud Networking and much more},
 date = {04.11.2014},
 organization = {Google},
 author = {Brian Stevens},
 note = {\url{https://cloudplatform.googleblog.com/2014/11/google-cloud-platform-live-introducing-container-engine-cloud-networking-and-much-more.html}, accessed at 20.5.2018},
 url = {https://cloudplatform.googleblog.com/2014/11/google-cloud-platform-live-introducing-container-engine-cloud-networking-and-much-more.html},
 urldate = {20.5.2018}
}
@misc{aws-kubernetes, 
 title = {Introducing Amazon Elastic Container Service for Kubernetes (Preview)},
 date = {29.11.2017},
 organization = {AWS},
 author = {AWS},
 note = {\url{https://aws.amazon.com/about-aws/whats-new/2017/11/introducing-amazon-elastic-container-service-for-kubernetes}, accessed at 20.5.2018},
 url = {https://aws.amazon.com/about-aws/whats-new/2017/11/introducing-amazon-elastic-container-service-for-kubernetes/},
 urldate = {20.5.2018}
}
@misc{azure-kubernetes, 
 title = {Introducing AKS (managed Kubernetes) and Azure Container Registry improvements},
 date = {2017},
 organization = {Microsoft},
 author = {Gabe Monroy},
 note = {\url{https://azure.microsoft.com/en-us/blog/introducing-azure-container-service-aks-managed-kubernetes-and-azure-container-registry-geo-replication}, accessed at 20.5.2018},
 url = {https://azure.microsoft.com/en-us/blog/introducing-azure-container-service-aks-managed-kubernetes-and-azure-container-registry-geo-replication/},
 urldate = {20.5.2018}
}
@misc{digital-ocean-kubernetes, 
 title = {Simplify Container Orchestration: Announcing Early Access to DigitalOcean Kubernetes},
 date = {2018},
 organization = {Digital Ocean},
 author = {Jamie Wilson},
 note = {\url{https://blog.digitalocean.com/introducing-digitalocean-kubernetes/}, accessed at 20.5.2018},
 url = {https://blog.digitalocean.com/introducing-digitalocean-kubernetes/},
 urldate = {20.5.2018}
}
@misc{aws-leading-cloud, 
 title = {WHY AMAZON IS LEADING THE CLOUD},
 date = {2018},
 organization = {Smartgov},
 author = {Smartgov},
 note = {\url{http://smartgovcommunity.com/2017/02/why-amazon-is-leading-the-government-cloud}, accessed at 20.5.2018},
 url = {http://smartgovcommunity.com/2017/02/why-amazon-is-leading-the-government-cloud/},
 urldate = {20.5.2018}
}
@misc{aws-introducing-ecs, 
 title = {{Amazon EC2 Container Service is Now Generally Available}},
 date = {9.4.2015},
 organization = {AWS},
 author = {AWS},
 note = {\url{https://aws.amazon.com/about-aws/whats-new/2015/04/amazon-ec2-container-service-is-now-generally-available}, accessed at 20.5.2018},
 url = {https://aws.amazon.com/about-aws/whats-new/2015/04/amazon-ec2-container-service-is-now-generally-available},
 urldate = {20.5.2018}
}
@misc{aws-docs-ecs, 
 title = {{AWS ECS Overview}},
 date = {2018},
 organization = {AWS},
 author = {AWS},
 note = {\url{https://aws.amazon.com/ecs}, accessed at 4.5.2018}, url = {https://aws.amazon.com/ecs/},
 urldate = {4.5.2018}
}
@misc{aws-docs-eks, 
 title = {{AWS EKS Overview}},
 date = {2018},
 organization = {AWS},
 author = {AWS},
 note = {\url{https://aws.amazon.com/eks}, accessed at 4.5.2018},
 url = {https://aws.amazon.com/eks},
 urldate = {4.5.2018}
}
@misc{aws-docs-fargate, 
 title = {{AWS Fargate Overview}},
 date = {2018},
 organization = {AWS},
 author = {AWS},
  note = {\url{https://aws.amazon.com/fargate}, accessed at 4.5.2018},
 url = {https://aws.amazon.com/fargate/},
 urldate = {4.5.2018}
}
@misc{aws-docs-ecr, 
 title = {{Amazon Elastic Container Registry}},
 date = {2018},
 organization = {AWS},
 author = {AWS},
 note = {\url{https://aws.amazon.com/ecr}, accessed at 20.5.2018},
 url = {https://aws.amazon.com/ecr},
 urldate = {20.5.2018}
}

@misc{cloud-price-comparison, 
 title = {CLOUD IAAS SEPTEMBER 2017 EDITION PRICE COMPARISON},
 date = {2017},
 organization = {Cloud Spectator},
 author = {{Cloud Spectator}},
 note = {\url{https://connect.cloudspectator.com/iaas-cloud-services-price-comparison-report}, accessed at 20.5.2018},
 url = {https://connect.cloudspectator.com/iaas-cloud-services-price-comparison-report},
 urldate = {20.5.2018}
}
@misc{gcp-advantages, 
 title = {What makes Google Cloud Platform different?},
 date = {2017},
 organization = {GCP},
 author = {Google},
 note = {\url{https://cloud.google.com/free/docs/what-makes-google-cloud-platform-different}, accessed at 20.5.2018},
 url = {https://cloud.google.com/free/docs/what-makes-google-cloud-platform-different},
 urldate = {2018-05-20}
}
@misc{kubernetes-competition, 
 title = {{AWS' managed Kubernetes service faces tough competition in GKE}},
 date = {2018},
 organization = {TechTarget},
 author = {Kurt Marko},
 note = {\url{https://searchitoperations.techtarget.com/tip/AWS-managed-Kubernetes-service-faces-tough-competition-in-GKE}, accessed at 26.5.2018},
 url = {https://searchitoperations.techtarget.com/tip/AWS-managed-Kubernetes-service-faces-tough-competition-in-GKE},
 urldate = {2018-05-26}
}
@misc{kde-docs, 
 title = {KUBERNETES ENGINE - Reliable, efficient, and secured way to run Kubernetes clusters},
 date = {2018},
 organization = {Google},
 author = {Google},
 note = {\url{https://cloud.google.com/kubernetes-engine}, accessed at 20.5.2018},
 url = {https://cloud.google.com/kubernetes-engine/},
 urldate = {20.5.2018}
}
@misc{gartner-aws-gcp, 
 title = {Compare Amazon Web Services (AWS) vs Google in Cloud Infrastructure as a Service},
 date = {2018},
 organization = {Gartner},
 author = {Gartner},
 note = {\url{https://www.gartner.com/reviews/market/public-cloud-iaas/compare/amazon-web-services-vs-google}, accessed at 20.5.2018},
 url = {https://www.gartner.com/reviews/market/public-cloud-iaas/compare/amazon-web-services-vs-google},
 urldate = {20.5.2018}
}
@INPROCEEDINGS{containers-vs-vms, 
author={A. M. Joy}, 
booktitle={2015 International Conference on Advances in Computer Engineering and Applications}, 
title={Performance comparison between Linux containers and virtual machines}, 
year={2015}, 
volume={}, 
number={}, 
pages={342-346}, 
keywords={Linux;cloud computing;virtual machines;virtualisation;Linux containers;cloud computing;hardware resource utilization;resource overhead;virtual machines;virtualization technologies;virtualized environments;Containers;Linux;Scalability;Servers;Virtual machine monitors;Virtual machining;Virtualization;cloud computing;containers;docker;hypervisor;kubernetes;virtualization}, 
doi={10.1109/ICACEA.2015.7164727}, 
ISSN={}, 
month={March},
}
